1994 2715
219 443 314 486 Kal.
342 445 445 486 Nov·
473 443 620 485 factum
632 447 793 500 statuit,
819 449 937 498 atque
962 447 1111 501 viginti
1135 445 1221 486 dies
1246 445 1304 486 ita
1317 444 1559 498 dinumerat,
1581 443 1756 486 ut'No-:

223 519 301 548 nas
336 508 400 548 bis
426 508 568 563 addat,
599 509 803 549 Kalendas
828 519 947 563 vero,
979 514 1025 551 ut
1059 510 1192 564 decet,
1225 510 1357 549 semel.
1407 510 1456 549 In
1479 509 1621 561 quibus
1645 520 1732 560 quae

218 576 277 614 sit
301 573 554 627 computandi
573 574 733 629 regula,
756 584 834 628 ego
862 585 942 614 non
965 569 1178 627 assequor,
1220 572 1271 614 Id
1293 584 1392 614 vero
1413 585 1493 613 non
1517 573 1734 627 perspexit,

218 650 381 679 causam
406 638 551 692 fuisse,
584 650 657 679 cur
680 640 826 693 orator,
853 639 920 691 qui
944 645 1083 679 vocem
1108 640 1218 680 certo
1250 637 1416 691 quodam
1444 641 1635 680 momento
1668 636 1734 690 ia—
1756 661 1758 663 -

218 708 369 745 etatum
408 705 625 758 repeteret,
651 705 879 744 accuratius
905 715 1108 745 numerum
1140 703 1499 757 circumscriberet3
1538 714 1625 756 quae
1654 715 1736 744 non

220 770 358 810 cadem
383 769 478 821 fuit,
505 780 622 820 quum
646 768 698 809 ad
722 770 952 810 inimicitias
980 781 1054 823 per
1079 773 1139 811 tot
1164 782 1289 811 annos
1315 762 1558 825 propagatas
1582 770 1734 810 ariimos

216 835 430 874 revocavit
455 831 560 873 Phil.
587 831 748 887 vl.,-6.
773 833 889 888 xl1.,
916 833 992 874 10.
1045 834 1252 876 Praeterea
1279 834 1420 877 Cicero
1446 833 1733 887 adJecit:„hoc

214 900 324 950 ipso
365 899 417 937 in
457 890 686 951 templo:“
711 901 750 939 is
775 910 874 940 sane
907 908 986 939 non
1020 900 1165 940 solitus
1200 903 1366 941 senatus
1408 897 1579 940 habendi
1610 898 1734 939 locus,

215 962 295 1001 Est
327 965 457 1001 autem
483 958 548 1010 [c.
582 959 651 1011 7.)
689 962 797 1003 aedes
838 961 1093 1018 Concordiae,
1131 966 1175 1003 in
1206 976 1285 1017 qua
1314 965 1416 1005 Non.
1450 964 1548 1004 Dec.
1578 961 1732 1003 Consul

215 1027 374 1082 retulit,
408 1027 592 1081 templum
624 1029 693 1083 „in
724 1040 801 1082 quo
829 1039 922 1084 ego
956 1032 1180 1070 senatum
1216 1019 1567 1071 consulebam“
1612 1023 1732 1081 (ib.)

214 1094 284 1133 An
315 1094 555 1133 luculentius
580 1104 666 1133 eam
693 1105 777 1133 rem
792 1096 934 1133 testari
962 1097 1139 1148 poterat,
1164 1105 1252 1146 quae
1275 1093 1364 1133 fere
1389 1096 1493 1133 teste
1519 1106 1600 1132 non
1623 1092 1733 1132 indi-

214 1154 319 1212 get?
349 1157 451 1198 Nam
475 1160 512 1198 si
542 1157 729 1199 Muraena
766 1162 806 1199 et
836 1156 979 1199 Silano
1019 1156 1121 1200 Coss
1154 1158 1242 1199 haee
1274 1157 1400 1198 verba
1439 1157 1658 1198 fortissima
1689 1158 1731 1196 in

215 1221 371 1263 Senatu
398 1222 551 1276 edidit,
586 1224 682 1275 quid
708 1227 782 1277 est,
816 1224 919 1275 quod
962 1225 1071 1264 nulla
1105 1223 1195 1277 ejus
1215 1225 1276 1264 rei
1307 1225 1561 1278 gravissimae
1585 1225 1733 1263 mentio

211 1291 257 1327 in
272 1288 453 1340 epistolis
469 1284 723 1328 inveniatur?
743 1289 844 1339 Qua:
858 1279 1019 1329 tandem
1032 1291 1113 1328 iste
1122 1292 1262 1329 contra
1279 1299 1415 1328 vocem
1422 1278 1732 1342 „consulariss

209 1355 255 1392 in
292 1352 461 1392 medium
501 1354 685 1406 protulit,
715 1355 834 1407 plane
858 1353 1030 1395 ridicula
1062 1356 1167 1394 sunt.
1219 1353 1295 1394 Vir
1331 1354 1552 1394 consularis
1590 1350 1731 1392 cicera

209 1421 373 1460 futurus
408 1421 497 1459 erat
532 1428 580 1458 eo
612 1420 806 1472 tempore,
842 1426 920 1470 quo
954 1417 1139 1459 abdicato
1169 1420 1412 1471 magistratu
1440 1413 1508 1468 (v.
1539 1428 1662 1469 supra
1685 1428 1731 1469 p.-

211 1485 286 1526 15.
327 1483 378 1523 ad
404 1497 443 1536 p.
466 1483 557 1524 Mn.
577 1480 677 1531 14.)
701 1482 949 1523 tribunorum
972 1485 1121 1535 impetu
1147 1485 1298 1534 incessi
1322 1486 1479 1536 posset,
1505 1481 1609 1534 quod
1632 1488 1729 1522 con-

209 1550 275 1590 sul
299 1559 379 1589 non
404 1551 544 1602 potuit.
562 1549 702 1600 Itaque
726 1550 898 1602 rectius,
923 1558 1039 1600 quam
1057 1547 1261 1588 Alit-ennio
1286 1547 1466 1601 videtur,
1491 1546 1585 1587 Dio
1611 1544 1729 1587 Cas-

208 1616 319 1653 sius
343 1613 450 1653 hunc
476 1614 602 1652 locum
634 1615 694 1652 ita
720 1613 1006 1667 interpretatus
1031 1614 1114 1651 est:
1147 1609 1402 1660 ammissum,
1426 1610 1498 1649 ‘dn
1520 1614 1631 1649 τοῦτο
1668 1614 1730 1648 καὶ

209 1678 249 1713 ἐν
284 1675 397 1727 εἷυτι]ς
426 1679 485 1724 τῆς
513 1674 689 1722 ὑπατείαι
707 1673 798 1721 ὑμῖν
824 1674 940 1715 εἷπον.

311 1740 464 1780 Eadem
497 1741 567 1779 illa
605 1740 732 1780 verba
766 1737 923 1780 Seneca
960 1740 1097 1780 rhetor
1124 1736 1270 1788 (Suus.
1295 1736 1388 1794 6.),
1414 1742 1481 1791 qui
1507 1741 1613 1779 vixit
1634 1739 1728 1779 Au·-

206 1808 318 1861 gusti
345 1808 480 1860 aetate,
514 1804 652 1845 eadem
676 1804 968 1856 Quinctiiianus
995 1801 1113 1860 (vi,
1141 1803 1192 1860 3,
1221 1800 1355 1855 109.)
1382 1815 1408 1844 a
1433 1801 1625 1845 Cicerone
1656 1814 1728 1845 re·-

210 1876 369 1925 pet'unt3
395 1870 606 1912 tamenhic
624 1873 683 1910 ita
707 1869 845 1923 refert,
869 1872 916 1909 ut
939 1880 1142 1923 gravem
1166 1869 1276 1910 dicat
1300 1872 1510 1922 mortem,
1532 1881 1612 1912 non
1635 1871 1728 1908 tur..

207 1947 309 1989 pem.
359 1933 443 1977 Sed
476 1947 500 1975 e
530 1935 718 1975 memoria
742 1926 899 1988 prodit,
932 1932 1139 1986 additque:
1176 1937 1218 1975 et
1243 1936 1336 1989 est,
1368 1945 1506 1987 quum
1530 1928 1728 1984 (Cicero)

209 2002 352 2042 dicit.
393 1999 517 2040 Novit
557 2002 683 2054 igitur
708 1996 915 2040 Ciceronis
945 2011 1025 2038 non
1054 1997 1306 2054 ἀπόφθεγμα,
1339 1999 1413 2040 sed
1437 2001 1725 2052 orationem,

207 2069 251 2104 in
277 2077 356 2117 qua
381 2067 462 2104 ista
488 2065 614 2104 verbu
638 2067 921 2115 reperirentur.
960 2064 1088 2116 Atqui
1113 2067 1247 2105 exstat
1271 2061 1390 2104 hodie
1413 2062 1605 2116 ejusmodi
1630 2074 1725 2103 ora-2.

208 2133 276 2168 tio.
328 2129 435 2179 Quid
468 2124 606 2168 ultra?
630 2128 721 2168 Jam
748 2131 851 2169 enim
877 2131 980 2169 satis
1005 2128 1322 2168 documentorum
1347 2130 1601 2179 conquisisse
1628 2126 1725 2168 mihi

207 2194 369 2248 videor,
397 2194 541 2246 quibus
569 2193 628 2247 id,
663 2193 765 2245 quod
789 2192 1077 2238 defendendum
1102 2191 1179 2233 hac
1197 2193 1284 2234 -levi
1311 2204 1435 2247 opera
1457 2193 1724 2245 susoepimus,

207 2270 285 2298 non
301 2258 506 2299 admodum
533 2258 680 2313 rigidis
707 2258 938 2298 censoribus
963 2257 1207 2310 comprobari
1232 2268 1352 2310 posse
1375 2257 1624 2300 arbitremur.

618 2375 621 2379 '
708 2370 1221 2425 ÷—-«>000000›———-
