1994 2715
870 290 985 353 „1⁰
1065 351 1068 354 ⁴

220 426 225 431 ·
323 411 383 454 At
415 409 522 453 hano
552 411 681 464 ipsam
717 404 923 452 formulam
958 411 1002 451 in
1037 411 1182 464 quarta
1213 407 1418 451 desiderat
1448 399 1716 462 'repetendam

199 477 407 518 Proeterea
431 477 629 530 Neronis,
669 473 839 529 Cethegi
863 477 1104 529 sententias,
1141 486 1260 526 quum
1283 477 1420 514 mter
1443 474 1491 515 Ia.
1517 471 1717 514 omrem

203 542 484 596 appellaverit,
507 542 689 594 requirit.
732 538 839 591 Quid
862 550 962 581 vero
984 538 1038 593 ad
1051 536 1096 582 (3.-
1104 536 1302 583 Caesarem
1313 535 1484 595 Cethegi
1508 540 1716 592 sententia,

200 617 318 658 quam
339 605 391 645 de
407 606 596 645 fratreeo
614 607 702 656 ipso
717 600 783 643 die
803 590 1002 643 laturus
1025 595 1163 646 erat?
1189 601 1306 657 Quid,
1320 601 1548 655 quedNero·
1559 604 1718 643 nonnisi

202 668 400 710 debellato
417 666 592 711 Catilina
614 667 866 709 referendum
889 669 1113 722 eemuent,
1137 678 1216 720 quo
1239 662 1414 722 consuli,
1437 667 1508 719 qui
1531 667 1716 708 celeriter

202 737 245 773 et
269 736 363 773 ante
391 735 546 773 noctem
578 728 860 773 vindicandum
891 739 983 771 esse
1015 733 1214 772 statuerat
1245 728 1357 780 (Sal.
1381 741 1435 771 e.-
1429 728 1519 771 49.
1544 724 1632 772 eoll.
1658 744 1716 771 or.

199 796 273 838 IV.
298 792 341 847 S.
367 793 565 853 6.19.),
600 798 727 839 veluti
758 797 890 852 palma
914 807 940 838 e
962 795 1145 838 manibus
1174 791 1515 850 extorqueretur?
1563 793 1647 874 Sed
1675 798 1717 837 in

198 862 266 902 lus
292 862 415 902 rebus
441 875 518 903 sua
541 866 740 924 potestate
764 861 907 904 Gleero
931 862 1086 902 solebat
1109 864 1329 915 opportune
1353 864 1722 904 ut1.,

326 927 428 980 Quae
460 939 591 981 porro·
613 926 737 968 dubia
769 925 821 968 de
850 927 1026 979 equitum
1057 925 1193 968 studio
1216 927 1259 966 in
1292 924 1541 967 defendenda
1567 925 1613 966 're
1639 937 1718 979 pu-

199 993 306 1034 bliea
338 988 450 1047 (IV,
478 1004 514 1033 e.
547 996 591 1037 ’7.
624 986 669 1041 S,
698 987 799 1040 15.)
833 990 1044 1032 Abrens·
1081 992 1436 1045 interrogationum
1466 985 1622 1033 cumulo
1641 987 1716 1043 ;(p.

202 1054 311 1099 116.
338 1055 434 1098 117
459 1075 510 1083 -
538 1052 641 1107 18.)
666 1056 778 1097 velut
802 1068 881 1097 uno
906 1057 1054 1110 splritu
1078 1054 1203 1097 effuso
1227 1058 1451 1112 congessit,
1480 1067 1546 1097 ea·
1568 1058 1719 1098 intacta

201 1123 325 1162 malm
352 1123 589 1173 relinquere.
640 1121 696 1162 Et
721 1124 809 1174 ipse
833 1121 921 1173 ejus
946 1132 1155 1176 assensor,
1179 1126 1409 1174 quamquam
1435 1120 1643 1163 diseedere
1667 1122 1718 1162 ab

199 1184 271 1226 illo
295 1196 376 1225 non
400 1184 540 1239 audet,
573 1187 706 1227 tamen
729 1186 935 1239 improbat.
991 1185 1078 1228 Res
1092 1188 1218 1227 *nimis
1241 1189 1337 1228 nota
1360 1188 1443 1227 est:
1480 1197 1584 1228 unus
1599 1186 1720 1227 'loeus

201 1250 272 1301 qui
306 1251 371 1289 est
400 1248 453 1290 ad
477 1249 566 1291 Att.
591 1250 643 1306 1.‚
671 1249 764 1305 14„
801 1260 915 1303 quem
939 1253 1064 1292 totum
1095 1252 1174 1292 iste
1200 1250 1336 1291 debuit
1361 1258 1580 1303 apponere,
1610 1250 1719 1292 suffi-

199 1314 302 1355 ciet:
327 1313 512 1367 „Etenim
531 1313 631 1368 haee,
659 1316 800 1368 inquit,
818 1317 907 1355 erat
919 1313 1173 1368 hypothesim
1199 1314 1251 1354 de
1263 1316 1466 1369 gravitate
1483 1315 1648 1370 ordinis,
1670 1315 1721 1355 de

200 1379 425 1431 equestri
458 1378 743 1421 eoncordia:
786 1381 925 1421 nosti
951 1379 1013 1422 'in
1042 1379 1135 1422 hae
1167 1381 1375 1421 materia
1398 1380 1600 1420 ¹sonitus
1632 1393 1720 1421 no-

200 1434 375 1483 stros.“
424 1442 566 1495 Neque
599 1446 689 1496 ipse
720 1446 887 1485 ertticus
916 1456 1001 1485 rem
1031 1446 1194 1499 ignorat
1229 1440 1294 1497 (p.
1320 1443 1426 1485 121.
1460 1442 1607 1500 med),
1648 1447 1719 1486 sed

199 1505 330 1548 haeret
352 1507 396 1547 in
416 1506 662 1548 hodierno
688 1507 773 1548 die
798 1505 919 1563 (m,
953 1504 996 1558 S.
1025 1504 1146 1561 15.);
1184 1509 1340 1550 seilicet
1373 1509 1720 1563 abreptus'impu-

199 1570 354 1624 gnandi
379 1573 591 1612 veritatem
615 1571 750 1613 studIo
774 1584 853 1611 non
876 1571 1000 1627 vidit,
1033 1571 1174 1629 iisdem
1198 1571 1345 1626 Nonis,
1376 1583 1465 1625 quae
1496 1578 1721 1616 sexcenties

200 1633 439 1690 laudantur,
464 1637 631 1689 primum
656 1647 682 1677 a
706 1634 878 1677 Consule
902 1639 1005 1677 ante·
1021 1635 1145 1678 oedem
1170 1632 1424 1692 concordie,
1464 1639 1533 1679 ubi
1558 1644 1722 1682 senatus

140 1749 148 1753 „
200 1698 438 1753 habebatur,
464 1702 638 1751 equitum
652 1697 934 1753 praesidiumss)
950 1701 1182 1744 eolloeatum
1196 1711 1299 1740 esse.
1343 1698 1527 1744 Ceterum
1538 1706 1629 1746 sive
1643 1706 1722 1760 ille,

199 1764 293 1805 eive
319 1764 425 1803 alius
451 1763 540 1804 dies
568 1765 745 1804 ordinem
767 1768 991 1817 equestrem
1016 1766 1173 1806 senatui
1197 1767 1493 1823 reconciliavit,
1533 1771 1722 1823 temporis

200 1831 359 1871 initium
386 1833 523 1871 orator
547 1841 687 1883 parum
712 1833 839 1870 curat.
899 1829 1014 1870 Talia
1038 1831 1082 1870 in
1105 1829 1184 1872 hae
1202 1833 1387 1875 oratione
1409 1833 1579 1886 plurima
1603 1837 1728 1877 inve—¹

204 1897 370 1936 niuntur
394 1898 648 1952 exaggerata
672 1896 739 1936 vel
764 1898 955 1951 repetita,
989 1906 1078 1948 quae
1103 1906 1235 1937 eausae
1259 1900 1300 1938 et
1323 1900 1489 1951 tempori
1514 1900 1710 1943 eoneedas

200 1958 275 2001 Sic
300 1959 518 2001 hodiernus
542 1951 657 2001 dies“
682 1956 724 2011 S.
752 1960 827 2002 15.
856 1959 932 2003 18.
961 1957 1035 2002 19.
1058 1963 1124 2001 ter
1146 1961 1214 2000 vel
1238 1965 1379 2014 quater
1402 1967 1597 2020 occurrit3
1621 1967 1723 2021 jux.

153 2047 156 2051 »
202 2029 282 2076 ta,
284 2025 367 2080 ,hie
392 2016 505 2065 dies“
531 2021 574 2075 S.
601 2025 675 2066 15.
733 2025 836 2080 Ejus
860 2027 1026 2083 generis
1051 2025 1132 2066 alia
1155 2024 1234 2067 duo
1257 2029 1372 2082 sunt,
1410 2040 1500 2094 quae
1523 2031 1721 2074 adversa-

181 2094 308 2145 -rius,
340 2094 386 2131 ut
410 2090 528 2131 salva
551 2093 770 2145 graecitate
797 2091 945 2147 dicam,
965 2089 1300 2133 anachronismus
1329 2092 1470 2134 haberi
1500 2096 1646 2137 voluit:
1681 2106 1722 2138 v.

202 2168 239 2196 c.
266 2152 309 2205 S.
335 2155 378 2195 3.
404 2157 812 2211 „circumsessum
835 2168 904 2197 me
936 2146 1125 2210 video‘ss
1163 2159 1204 2196 et
1224 2151 1271 2206 S.
1295 2142 1340 2197 6.
1375 2159 1575 2212 „multas
1599 2174 1722 2214 pro-

206 2221 404 2260 vincias
441 2221 612 2261 malum
643 2212 996 2277 peragravit“;
1035 2219 1141 2275 quod
1171 2224 1378 2278 utrumque
1407 2228 1531 2279 negat
1564 2237 1590 2268 a
1620 2232 1721 2280 quo-

253 2362 289 2402 8)
307 2364 373 2401 Cic,
394 2364 472 2402 Phil.
495 2365 552 2407 11.,
578 2365 610 2403 8,
629 2365 666 2398 ad
687 2366 796 2420 tangil,
814 2368 867 2410 X„
890 2369 941 2406 12.
