1994 2715
920 284 983 326 12

193 406 255 445 sic
281 403 477 455 explicat,
502 402 548 441 ut
573 403 719 441 sortem
744 403 928 452 tanquam
953 400 1171 442 mercedem
1195 400 1341 441 dictam
1365 398 1576 451 intelligat,
1604 406 1706 449 quae

194 468 351 508 scribae
399 466 576 506 daretur.
664 464 780 515 Quae>
818 466 879 504 rei
924 467 1143 520 expositio,
1195 466 1273 505 etsi
1321 466 1451 516 ipsius
1501 459 1707 503 Ciceronis

192 533 440 586 testimonio,
470 532 539 583 qui
564 530 719 570 scribas
746 532 1014 571 mercenarios
1044 533 1163 572 vocat
1195 532 1237 570 in
1261 528 1378 570 Verr.
1402 528 1498 582 111„
1537 525 1611 568 78.
1627 522 1707 578 10],

192 596 342 636 firmari
368 597 513 650 possit,
539 598 670 635 tamen
692 605 819 647 neque
843 597 1120 637 auctoritatem
1144 591 1264 636 babet
1275 595 1437 636 latinam
1461 593 1556 634 talis
1580 602 1707 633 voca-

193 661 277 701 buli
304 674 414 714 usus,
439 671 567 711 neque
592 658 756 713 Orellio,
779 671 1010 711 quamquam
1037 659 1357 702 PRAECLARE
1383 653 1709 698 AHRENSIUS

192 727 289 766 huic
320 726 406 765 loco
436 725 627 764 universo
660 723 920 779 subscripsst,
951 726 1054 765 satis
1077 725 1199 768 feeit.
1265 725 1374 765 Huic
1411 725 1515 764 enim
1549 721 1707 763 scrIbae

193 790 444 840 consulares,
471 789 674 843 praetorii,
698 788 888 843 aedilitil,
916 792 1134 841 quaestorii
1159 792 1212 830 iis
1236 789 1390 844 diebus,
1417 788 1561 842 quibus
1585 798 1708 828 sena-

194 859 261 895 tus
287 855 526 906 haberetur,
566 852 621 893 ad
646 856 845 894 aerarium
870 857 1017 893 sortem
1043 853 1210 894 duxisse
1237 854 1446 907 videntur,
1487 864 1514 893 a
1540 851 1710 904 quibus-

194 933 285 960 nam
321 916 607 972 perscribenda
639 921 777 971 essent
795 921 973 958 senatus
1003 919 1207 973 consulta,
1240 930 1319 971 qua
1349 920 1392 959 in
1415 929 1462 959 re
1495 919 1602 957 esset
1629 916 1710 959 ali-

194 983 291 1035 quid
318 984 576 1023 emolumenti.
642 982 755 1032 Quae
780 982 937 1034 quidem
969 981 1199 1035 conjectura
1227 980 1387 1023 lectioni
1413 985 1458 1022 ut
1490 992 1614 1034 supra
1638 990 1710 1019 re-

194 1049 363 1088 stitutae
388 1046 489 1086 bene
525 1047 724 1088 convertit.
773 1043 928 1101 Solum,
961 1046 1068 1099 quod
1092 1058 1201 1102 „cas
1209 1037 1263 1087 1ιῖι
1287 1045 1353 1101 fit,
1382 1045 1563 1099 immdit:
1605 1042 1711 1098 quod

194 1111 440 1153 Marklando
462 1123 612 1152 causae
633 1111 736 1165 -fuit,
770 1115 814 1152 ut
839 1113 956 1153 aliam
980 1113 1099 1166 hujus
1124 1116 1243 1164 atque
1267 1124 1341 1164 pro
1365 1111 1491 1152 Domo
1515 1113 1710 1152 orationis

193 1176 458 1224 conditionem
484 1187 574 1227 esse
598 1177 805 1217 statueret.
856 1177 998 1223 Etest
1023 1175 1180 1230 quidem
1205 1177 1297 1218 alia.
1346 1176 1448 1218 Istic
1474 1178 1578 1217 enim
1602 1177 1711 1217 scri-

193 1243 271 1283 bae
288 1241 411 1294 juxta
426 1243 658 1291 equestrem
688 1239 866 1280 ordinem
895 1244 1200 1296 magistratuum
1232 1240 1421 1294 dignitati
1452 1239 1541 1281 fere
1568 1241 1712 1293 proxi.-

192 1309 247 1348 mi
278 1306 494 1346 habentur:
533 1304 602 1345 hic
633 1314 738 1344 verov
764 1307 858 1347 sive
881 1317 908 1347 a
930 1308 1040 1351 sorte
1059 1307 1160 1347 sive
1186 1315 1214 1346 a
1243 1303 1424 1346 mercede
1455 1303 1509 1346 ad
1540 1303 1711 1344 audien-

192 1369 284 1413 dum
306 1369 462 1423 aliquid
486 1372 582 1410 novi
602 1373 908 1412 convertuntur.
964 1372 1026 1413 At
1049 1384 1127 1427 ego
1140 1382 1289 1414 ,vocem
1306 1361 1460 1426 „casu“
1485 1382 1574 1412 cum
1598 1370 1711 1425 „fre-

194 1426 451 1490 quentasset“
490 1438 584 1487 puto
625 1437 683 1475 ita
708 1434 976 1491 jungendam,
1020 1440 1065 1478 ut
1096 1435 1198 1479 nihil
1227 1435 1321 1476 inde
1352 1434 1408 1476 ad
1437 1433 1711 1488 explicandam

193 1504 380 1542 sortem
405 1498 664 1551 repetundum
690 1502 760 1539 sit.
811 1500 912 1540 Eam
937 1504 1068 1541 autem
1090 1513 1171 1541 non
1194 1499 1327 1550 videa
1340 1499 1530 1551 quomodo
1552 1499 1620 1540 vel
1638 1498 1712 1551 jo—

194 1576 288 1606 cose
315 1576 389 1617 pro
412 1562 596 1604 mercede
621 1566 756 1604 orator
781 1564 1056 1619 collocaverit,
1085 1576 1204 1617 quum
1227 1576 1309 1608 non
1332 1566 1441 1604 esset
1466 1564 1560 1605 istis
1581 1561 1713 1604 homi-

193 1631 313 1669 nibus
341 1629 545 1669 illusurus.
589 1624 785 1681 Ceterum,
814 1631 859 1670 ut
872 1630 972 1670 -nolo
998 1630 1267 1682 quaestionem
1290 1628 1518 1683 absolvere,
1538 1629 1597 1669 ita
1619 1629 1713 1668 ani-

192 1708 280 1735 mus
306 1696 370 1734 est
402 1703 531 1746 pauca
555 1691 783 1734 observare.
851 1694 1029 1735 Primum
1051 1696 1172 1738 enim-
1185 1692 1295 1747 apud
1324 1693 1524 1734 Romanos
1552 1693 1712 1734 sortitio

192 1763 235 1798 in
262 1759 385 1799 rebus
422 1757 489 1796 vel
517 1757 685 1795 levioris
722 1761 904 1798 momenti
936 1760 1064 1800 locum
1089 1758 1282 1799 habuisse
1322 1756 1495 1799 videtur.
1543 1753 1631 1798 Sic¹
1647 1767 1712 1810 ap.

194 1823 312 1876 Virg.
341 1823 445 1863 Aen.
474 1822 528 1875 1.,
565 1819 673 1862 507.
699 1820 742 1862 S.
770 1823 984 1863 laborem
1016 1823 1248 1875 partibus
1279 1822 1528 1874 aequabat
1561 1820 1713 1871 iustis

195 1891 282 1926 aut
305 1890 444 1937 sorte
471 1886 724 1928 trahebat:
759 1887 863 1940 quod
889 1888 969 1928 nisi
990 1887 1179 1929 Romanis
1202 1899 1255 1929 ex
1277 1897 1387 1929 more
1412 1886 1570 1941 fuisset,
1593 1887 1713 1939 poeta

194 1951 290 1990 mihi
318 1951 478 1991 videtur
503 1965 583 1992 non
608 1955 847 1992 inventurus
874 1952 1014 1992 fuisse.
1064 1950 1214 1993 Contra
1240 1952 1450 2006 decuriae,
1488 1952 1580 1991 sive
1603 1960 1715 1989 eme-

194 2015 291 2054 bant
322 2014 483 2054 scribae
517 2017 606 2055 sive
638 2016 893 2071 legebantur,
940 2027 1020 2056 non
1051 2015 1230 2071 obstant,
1281 2019 1378 2069 quin
1418 2017 1585 2061 sortitos*
1614 2024 1713 2061 esse

193 2083 329 2122 munia
359 2080 523 2132 publica
557 2083 782 2133 existimes,
822 2093 909 2120 cum
927 2079 1110 2134 judices,
1145 2083 1212 2132 qui
1246 2082 1485 2136 legebantur
1518 2081 1563 2119 in
1585 2077 1712 2119 decu-

193 2147 300 2196 rias,
341 2143 597 2187 nihilominus
632 2147 884 2198 quaestiones
916 2147 1169 2192 sortirentur,
1231 2146 1298 2187 Ac
1324 2145 1426 2190 nihil
1455 2144 1573 2200 facit,
1601 2142 1716 2198 ¹quod

194 2211 372 2251 Abi-ens.
398 2211 576 2252 obtendit
603 2208 668 2264 (p.
697 2206 835 2260 133.)
861 2212 1083 2255 scribarum
1117 2210 1294 2257 ordinem
1312 2212 1495 2256 ¹oninium
1534 2208 1712 2261 eundem,

230 2362 278 2392 ιε’)
303 2359 411 2390 Confer
433 2359 523 2394 Com,
548 2358 626 2399 Nep.
648 2358 736 2398 Eum,
764 2370 790 2394 1,
