1994 2715
947 274 981 316 4

201 396 285 439 sita
315 398 429 450 sunt,
472 405 588 448 quam
616 405 704 447 quae
739 404 921 436 severam
952 393 1231 435 refutationem
1264 392 1441 449 exigant.
1502 392 1723 436 Praetendit

200 466 332 502 autem
359 473 519 501 errores
546 474 645 512 quos
670 460 768 499 dicit
796 459 1023 513 historicos,
1049 471 1214 512 pravam
1240 460 1435 500 orationis
1458 461 1724 503 inventionem

200 529 243 567 et
274 525 596 580 dispositionem,
644 523 815 576 denique
848 525 1043 564 sermonis
1084 523 1372 576 verborumque
1406 522 1724 578 discrepantiam.

199 592 314 642 Quas
340 591 672 646 reprehensiones
710 602 827 640 quum
855 602 967 629 nemo
997 589 1129 630 adhuc
1162 589 1346 628 avertere
1371 586 1422 626 ab
1455 591 1618 628 auctore
1649 601 1725 628 no—

202 659 292 697 stro
317 658 484 697 conatus
508 656 576 708 sit,
602 652 782 706 equidem
806 652 913 693 haud
940 651 1091 707 dubIto,
1117 652 1203 692 fore
1217 652 1436 706 nonnullos,
1463 651 1606 704 quibus
1621 650 1724 691 diffi-

198 721 277 762 cile
301 733 376 760 nos
401 722 630 771 suscepisse
652 720 857 772 negotium
891 720 1010 769 atque
1047 719 1151 757 omni
1179 719 1222 757 in
1254 716 1330 757 hac
1355 727 1477 756 causa
1502 714 1723 756 defenden-

201 784 256 825 da
283 788 323 824 et
348 783 578 825 laudatione
605 786 646 824 et
672 782 933 824 advocatione
959 781 1141 823 destituti
1168 792 1258 822 esse
1283 773 1500 821 videamur.
1564 779 1722 820 Etenim

198 848 471 902 Madvigii,
503 850 570 900 qui
598 850 771 901 primus,
804 847 907 899 quod
933 850 1077 899 sciam,
1109 847 1214 887 hanc
1238 858 1320 886 rem
1345 847 1501 900 tetigit,
1534 846 1724 899 opuscula

199 926 330 967 neque
347 913 400 954 ad
415 925 570 954 manum
596 913 731 968 fuere,
757 924 885 965 neque
910 913 1071 953 moleste
1097 914 1170 953 tuli
1196 926 1275 954 non
1302 925 1414 968 esse,
1440 923 1558 964 quum
1583 908 1724 951 Orel-

194 982 301 1020 lius
326 982 482 1032 noster,
512 981 580 1018 vit
605 980 906 1033 integerrimus,
949 978 1036 1031 ejus
1063 980 1298 1018 sententiam
1320 978 1386 1019 his
1401 980 1539 1019 verbis
1552 979 1722 1028 referat:

199 1041 468 1103 „Madvigius
501 1038 889 1096 (opusc.p.192)
924 1042 1030 1083 hanc
1061 1042 1381 1083 declamationem
1413 1040 1596 1085 Ciceroni
1628 1045 1724 1083 vin-

204 1108 374 1166 „dicans
400 1109 695 1161 sapientissime
729 1107 885 1160 quidem
921 1109 1143 1163 generatim
1167 1111 1286 1161 atque
1320 1110 1418 1147 univ
1419 1119 1509 1149 erse
1538 1121 1614 1149 nos
1650 1109 1724 1148 de-

194 1173 412 1227 „hortatur
437 1168 488 1212 de
515 1171 636 1212 nlmia
648 1176 871 1213 temeritate
889 1173 932 1212 in
958 1176 1149 1225 veterum,
1166 1174 1346 1224 inprimis
1373 1171 1579 1214 Ciceronis
1591 1176 1726 1226 scrip-

201 1239 287 1292 „tis
314 1236 482 1290 propter
513 1236 671 1278 dicendi
697 1249 828 1291 genus
859 1238 1097 1291 singulaque
1122 1236 1319 1276 interdum
1351 1237 1478 1276 verba
1512 1239 1554 1276 in
1586 1239 1726 1290 suspi-

197 1303 379 1359 „cionem
405 1299 673 1342 adducendis.
707 1300 780 1341 sed
806 1303 1042 1355 argumenta
1066 1300 1278 1353 historica,
1321 1313 1408 1352 quae
1432 1301 1604 1342 dilucide
1629 1314 1726 1355 pro-

199 1368 363 1420 „posuit
390 1365 585 1418 Ahrens„
622 1377 702 1405 non
737 1365 878 1405 modo
883 1378 964 1404 non
989 1365 1207 1417 refutavit,
1245 1365 1319 1405 sed
1344 1378 1395 1405 ne
1420 1367 1544 1446 verbo
1563 1366 1725 1418 quidem

205 1421 399 1484 „attigit‘
387 1420 413 1448 “

325 1493 385 1533 At
410 1494 454 1533 in
490 1494 611 1534 rebus
636 1493 852 1534 narrandis
885 1506 1044 1534 errores
1071 1506 1097 1534 a
1123 1491 1315 1535 Cicerone
1347 1507 1427 1535 non
1456 1497 1587 1550 magis
1621 1497 1724 1536 alie-

199 1571 273 1598 nos
299 1570 402 1611 esse,
429 1570 565 1612 quam,
600 1559 705 1611 quod
732 1562 818 1610 ipse
843 1559 1026 1600 concedit
1060 1559 1209 1599 celebb.
1242 1561 1415 1599 oratoris
1439 1560 1603 1615 Editor,
1633 1554 1727 1601 ser-'-

203 1624 334 1661 monis
360 1621 557 1662 interdum
583 1625 625 1662 et
650 1623 884 1675 eloquentia:
912 1625 1085 1677 lapsum,
1110 1623 1187 1664 hoc
1212 1626 1315 1664 satis
1340 1627 1507 1665 constat.
1558 1625 1728 1677 Jamque

197 1687 429 1727 criticorum
456 1688 554 1739 erit,
595 1689 638 1726 in
669 1688 796 1728 locum
828 1699 1137 1740 unumquemque
1165 1690 1385 1742 inquirere,
1423 1687 1614 1729 Cicerone
1645 1690 1724 1730 labi

195 1763 273 1790 suo
300 1751 386 1791 loco
411 1752 608 1804 potuerit,
652 1763 794 1791 necne:
835 1756 876 1791 et
915 1763 1013 1791 sane
1041 1754 1188 1805 potuit,
1217 1754 1307 1790 sive
1329 1753 1458 1791 voluit
1491 1754 1581 1792 sive
1606 1755 1727 1808 igno-

202 1817 342 1856 ravit(
390 1812 502 1857 ,Nam>
523 1818 611 1868 ipse
642 1816 694 1856 ad
719 1817 806 1856 Att.
834 1816 987 1870 X111.‚.
1013 1815 1090 1856 44.
1125 1813 1322 1864 μνημονικιὶ
1349 1815 1614 1865 ἀμαρτῆματα
1647 1831 1724 1860 sua
1803 1863 1811 1875 Ι

197 1880 429 1934 confitetur,
489 1880 556 1921 ubi
604 1880 785 1921 Atticum
832 1884 984 1936 rogat,'
1020 1883 1066 1922 ut
1105 1883 1280 1922 erratum
1316 1880 1510 1933 quoddam
1548 1893 1601 1921 ex
1639 1894 1725 1923 om-

194 1946 317 1985 nibus
349 1945 466 1984 libris
499 1944 711 1996 tollendum
744 1949 868 1987 curet.
945 1945 1055 1986 ldem
1082 1946 1181 1986 facit
1206 1946 1309 1999 Epp.
1336 1945 1388 1986 ad
1412 1946 1528 1987 eund.
1554 1948 1608 2001 1.‚
1651 1946 1725 1987 13.

200 2013 244 2050 et
272 2009 366 2064 Vl„
407 2008 451 2049 2.
503 2007 653 2049 Contra
685 2009 881 2051 Gabinius
914 2009 1072 2064 quIdam
1103 2012 1147 2050 in
1180 2008 1266 2050 Cat.
1291 2010 1385 2064 111„
1422 2007 1465 2061 S.
1494 2011 1536 2051 5.
1571 2010 1728 2052 librarii

198 2077 348 2116 delicto
375 2073 536 2115 Cimber
561 2077 806 2130 nominatur,
846 2079 913 2128 qui
947 2076 1054 2129 apud
1081 2074 1299 2117 Salustium
1325 2075 1466 2129 Capito
1498 2080 1572 2117 est.
1622 2076 1728 2118 Sunt

198 2143 318 2181 etiam
349 2151 437 2192 quae
460 2140 591 2180 voluit
615 2141 805 2194 ignorare
830 2144 933 2195 sive,
959 2144 1004 2181 ut
1029 2143 1140 2181 recte
1166 2139 1314 2195 dicam,
1350 2144 1420 2181 aut
1445 2142 1632 2182 simulare
1657 2144 1729 2182 aut

198 2206 480 2258 dissimulas-(33
522 2209 564 2244 et
590 2204 642 2244 de
668 2204 752 2258 his,
789 2217 878 2257 quae
910 2218 1118 2246 causarum
1162 2209 1203 2246 et
1234 2209 1450 2258 temporum
1482 2210 1593 2261 sunt,-
1626 2208 1729 2246 satis

200 2272 342 2320 aperte
368 2266 451 2310 Cic.
480 2281 519 2320 p.
546 2265 741 2324 Cluentio.
766 2281 801 2310 c.
829 2269 904 2310 50.
963 2270 1110 2310 Tamen
1136 2272 1178 2310 in
1201 2270 1278 2310 hac
1302 2273 1550 2322 potissimum
1574 2276 1731 2314 oratio-

203 2345 258 2375 ne
281 2333 367 2376 fieri
395 2335 543 2388 potest,
569 2335 614 2376 ut
640 2344 692 2375 ne
718 2333 874 2389 culpam
896 2335 1053 2388 quidem
1076 2335 1273 2379 memoriae
1296 2336 1505 2378 sustineat.
