1994 2715
994 318 1027 363 8

248 440 381 480 oculos
419 437 630 493 habuisse,
676 440 719 479 ut
760 428 923 492 „iussu“
957 439 1133 494 legeret,
1180 438 1253 480 sed
1290 438 1477 494 negantis
1518 439 1625 478 esset
1666 446 1762 477 sen-

247 507 385 544 tentia.

372 566 523 610 Eodem
560 568 645 609 loco
669 566 820 609 deiude
853 568 940 611 haec
973 570 1183 626 leguntur,
1217 582 1304 624 quae
1336 581 1461 622 supra
1491 566 1767 621 praetermisi:

245 637 314 689 „Is
352 637 393 673 et
428 633 603 672 nudius
643 636 825 673 tertius
858 637 900 674 in
938 635 1156 675 custodiam
1194 638 1306 676 cives
1341 633 1540 674 Romanos
1581 631 1692 672 dedit
1723 633 1764 670 et

245 700 655 752 supplicationem
679 697 775 738 mihi
803 699 1002 756 decrevit,
1029 706 1069 742 et
1095 702 1248 743 indices
1273 700 1504 742 hesterno
1531 696 1609 737 die
1633 697 1764 737 maxi-

244 768 322 804 mis
344 764 531 815 praemiis
562 762 704 802 affecit
707 754 730 778 “
788 764 842 803 Et
868 766 1024 816 planius
1054 766 1190 806 eadem
1217 778 1253 807 c·
1283 765 1328 805 3.
1354 761 1397 813 §-
1423 764 1464 803 5.
1517 761 1615 812 Quae
1642 758 1761 799 biduo

245 830 390 870 cuncta
413 830 531 881 gesta
567 839 658 867 esse
684 826 861 871 Ahrens.
886 829 1004 870 valde
1030 822 1204 886 dubitat,
1246 833 1286 871 et
1310 827 1490 870 mendum
1522 826 1762 878 suspicatur,

245 892 352 946 quod
377 890 518 933 Cicero
554 892 607 932 ad
633 892 718 948 Att.
744 894 797 947 1.,
835 893 908 934 13.
935 895 1246 950 animadvertat,
1273 894 1325 935 ad
1350 896 1449 934 orat.
1474 894 1516 932 in
1541 889 1656 933 Catil.
1686 888 1762 934 ΙΙΙ.

242 962 467 1013 pertinere,
510 968 672 1010 eamque
703 970 782 997 non
815 963 994 1000 correcto
1028 959 1109 1000 diei
1147 960 1294 1001 indicio
1329 958 1434 1012 ejus,
1483 959 1549 1010 qui
1584 956 1763 1009 quartam

242 1025 527 1077 composuerit,
571 1024 613 1062 in
646 1033 786 1063 manus
818 1026 980 1065 venisse
1013 1027 1226 1067 existimat.
1294 1025 1408 1065 Haec
1439 1026 1616 1064 extrema
1649 1030 1764 1073 quam

241 1093 354 1131 certa
379 1091 479 1142 sint,
517 1090 602 1140 ipse
631 1087 790 1128 viderit.
852 1089 912 1130 At
937 1092 980 1130 in
1011 1102 1134 1131 causa
1170 1088 1365 1130 Catilinae
1397 1086 1553 1140 quando
1587 1095 1763 1138 quaeque

246 1156 359 1195 facta
390 1156 494 1206 sint,
543 1164 621 1192 non
654 1155 784 1206 magis
821 1166 843 1193 e
877 1151 1055 1194 Salustio
1092 1166 1207 1206 quam
1241 1166 1292 1194 ex
1326 1151 1497 1194 Consule
1532 1161 1764 1204 cognoscas.

243 1219 386 1270 Neque
412 1229 510 1257 vero
533 1214 729 1270 Ciceroni,
751 1221 796 1256 ut
818 1217 940 1272 ajunt,
966 1222 1165 1273 repugnat
1187 1221 1333 1258 orator.
1354 1216 1539 1257 DilucIde
1566 1216 1669 1253 enlm
1696 1213 1764 1251 ille

240 1282 429 1335 quidem
417 1295 458 1321 ιιι
483 1281 618 1323 Pison.
645 1277 687 1332 S.
714 1281 756 1323 5.
773 1279 815 1323 6.
842 1294 909 1337 ea,
936 1295 1037 1335 quae
1051 1285 1220 1324 strictim
1234 1282 1360 1323 refert
1385 1284 1584 1336 „extremo
1604 1268 1763 1320 mense“

240 1348 471 1387 consulatus
495 1349 559 1385 sui
576 1350 716 1400 gesta,
741 1349 993 1398 paucissimis
1017 1347 1157 1387 diebus
1179 1348 1361 1387 absoluta
1377 1346 1523 1385 fuisse
1527 1345 1696 1386 indicat:
1722 1349 1763 1385 et

238 1413 359 1463 plura
384 1410 522 1463 refert,
550 1422 663 1462 quam
688 1414 835 1451 noster.
912 1412 1153 1464 Quamquam
1179 1424 1259 1452 non
1284 1413 1476 1464 sequitur,
1504 1413 1548 1450 ut
1573 1409 1762 1462 deinceps

242 1478 384 1528 omnia,
414 1488 515 1527 quae
539 1477 606 1515 vel
631 1474 727 1517 Sal.
751 1475 919 1515 tradidit
944 1477 1010 1515 vel
1026 1478 1094 1516 alii
1121 1479 1399 1530 narraverunt,
1426 1477 1517 1515 istis
1542 1475 1762 1516 cohaeren-

241 1544 312 1595 tia,
340 1543 420 1581 tam
447 1544 620 1595 angusto
648 1542 835 1593 temporis
861 1543 991 1592 spatio
1017 1540 1276 1581 circumclusa
1301 1540 1471 1594 suerint,
1505 1551 1622 1592 quum
1647 1539 1764 1579 iden-

240 1605 361 1645 tidem
398 1605 497 1644 haec
532 1617 655 1645 causa
679 1608 819 1658 postea
846 1607 889 1644 in
913 1608 1055 1645 senatu
1086 1607 1328 1659 tractaretur
1355 1599 1434 1653 [ad
1458 1603 1545 1654 Att.
1571 1604 1617 1660 1.,
1646 1600 1763 1654 14.)-

239 1671 390 1719 Verum
416 1672 518 1708 enim
545 1682 643 1709 vero
667 1669 815 1721 injuria
840 1667 983 1722 Crispo
1008 1669 1207 1721 majorem·
1228 1672 1270 1708 in
1293 1666 1370 1709 hac
1395 1670 1624 1720 quaestione
1648 1667 1762 1707 fidem

243 1736 425 1787 plerique
451 1733 650 1773 tribuunt:
690 1738 783 1774 sunt
811 1737 932 1789 enim,
967 1737 1009 1774 in
1036 1734 1179 1785 quibus
1205 1735 1381 1773 auctoris
1415 1743 1528 1772 error
1552 1731 1762 1778 manifesto

242 1797 567 1850 deprehenditur.
645 1798 840 1849 Primum,
874 1798 977 1849 quod
1015 1810 1049 1838 c.
1075 1796 1150 1839 29.
1191 1802 1354 1839 senatus
1397 1797 1633 1850 consultum,
1683 1808 1760 1848 quo

240 1862 473 1901 consulibus
500 1873 650 1901 summa
684 1864 863 1914 potestas
892 1861 1129 1901 demandata
1159 1865 1288 1917 esset,
1332 1862 1480 1902 factum
1512 1872 1603 1901 esse
1634 1861 1763 1901 refert

237 1930 328 1977 post
356 1938 440 1964 eam
467 1929 640 1978 noctem,
681 1938 760 1977 qua
788 1923 961 1966 Catilina
986 1929 1028 1965 in
1053 1925 1205 1966 domum
1236 1928 1391 1968 Laecae
1417 1929 1622 1967 coitionem
1647 1927 1760 1977 fece-

237 1993 321 2029 rat:
349 2000 450 2041 quac
475 2001 554 2029 nox
579 1992 793 2030 consecuta
816 1993 878 2030 est
904 1993 1104 2042 posterum
1129 1989 1232 2031 diem
1257 1991 1458 2032 Nonarum
1480 1991 1760 2034 Novembrium

238 2053 349 2101 (Cic.
383 2068 421 2105 p.
446 2051 563 2093 Sulla
586 2066 620 2093 c.
651 2054 723 2094 18.
749 2052 792 2103 S.
818 2052 939 2107 5233
981 2056 1058 2095 fuit
1085 2058 1212 2109 igitur
1236 2061 1329 2096 ante
1362 2057 1401 2096 d·
1428 2058 1542 2101 vm.
1567 2057 1628 2096 Id.
1655 2058 1760 2099 Nov.

238 2117 297 2158 At
323 2119 451 2171 prima
489 2120 531 2160 in
563 2115 772 2160 Catilinam
798 2121 996 2175 oratione,
1038 2122 1079 2161 in
1106 2133 1182 2174 qua
1202 2125 1354 2163 noctem
1379 2123 1496 2163 istam
1527 2123 1759 2176 superio-

245 2198 342 2225 rem
376 2186 550 2236 appellat
585 2182 646 2233 (c.
671 2181 762 2236 4.),
804 2197 981 2236 quaeque
1015 2186 1152 2225 habita
1186 2191 1248 2226 est
1272 2188 1342 2227 vl.
1367 2187 1426 2227 Id
1452 2187 1578 2240 Now,
1618 2186 1759 2227 Cicero

238 2252 521 2290 vicesimum
538 2249 622 2302 jam
650 2249 775 2290 diem
801 2248 949 2290 habere
966 2262 1012 2290 se
1035 2253 1207 2291 testatur
1224 2250 1445 2304 hujusmodi
1472 2255 1635 2293 senatus
1661 2264 1776 2293 con-.

238 2316 406 2368 snitum,
451 2326 502 2354 ex
534 2327 610 2367 quo
641 2315 849 2356 confestim
883 2312 1133 2356 interfectum
1165 2306 1255 2356 esse
1292 2314 1501 2357 Catilinam
1534 2318 1759 2358 conveniat.

239 2380 359 2430 Quod¹
382 2382 545 2422 senatus
571 2381 803 2435 consultum,
829 2384 873 2421 ut
900 2384 939 2421 et
963 2393 1107 2434 perse
1130 2384 1382 2435 perspicuum
1402 2386 1475 2436 est,
1500 2386 1542 2427 et
1557 2383 1757 2423 Asconius
