1994 2715
918 316 952 360 θ’

181 435 234 475 ad
259 432 370 476 suam
394 445 479 475 rem
504 430 838 487 accommodaret,
869 435 1099 486 neutiquam
1128 429 1346 484 vero·[qui
1374 426 1485 472 error
1511 436 1574 473 est
1598 432 1695 473 Ah-

179 502 304 540 rensii
330 512 368 552 p.
396 495 503 539 109.
532 494 665 549 112.)
692 495 844 539 Caesari
870 497 1079 551 quidquam
1102 496 1378 550 persuaderet.
1414 495 1561 537 Contra
1584 496 1693 537 Por-

181 557 281 605 ciam
305 563 452 617 legem,
485 571 573 616 quae
597 563 650 604 ad
674 563 860 616 supplicii
885 563 1020 603 modos
1044 565 1164 615 atque
1188 572 1339 616 genera
1363 563 1591 613 pertineret,
1611 557 1692 601 ‘ne-

181 632 257 686 que
281 629 325 667 in
357 629 485 680 prima
510 629 689 668 oratione
722 630 958 684 nominavit,
992 639 1120 681 neque
1145 629 1241 668 tunc
1264 626 1424 680 habuit,
1457 625 1693 679 quod-com—

179 694 423 745 memoraret,
451 704 569 743 quum
593 694 681 745 ipse
704 695 895 748 neutram,
920 705 1007 745 quae
1031 694 1188 745 prolata
1214 696 1340 746 esset,
1366 693 1601 732 sententiam
1627 695 1693 731 to-

181 760 247 797 tus
272 749 492 798 suaderet.-

308 822 401 861 Jam
425 832 524 861 vero
549 823 784 877 exemplum,
818 821 922 875 quod
947 820 1031 863 Cic.
1058 822 1193 875 affert,
1230 824 1361 861 virum
1386 822 1541 862 doctum
1566 821 1695 861 offen-

180 883 261 927 dit:
294 896 426 937 neque
451 887 656 928 immerito.
711 887 883 927 Tametsi
915 898 1058 928 sensus
1092 888 1263 928 oratoris
1296 887 1423 928 latere
1446 899 1525 926 non
1548 890 1693 940 potest,

181 951 219 989 si
245 949 401 1002 quidem
434 952 562 992 voluit
589 951 817 1007 ostendere,
846 953 964 993 etiam
990 950 1035 993 C.
1060 950 1284 993 Gracchum
1308 950 1422 1004 justa
1446 953 1601 992 ratione
1627 953 1694 990 in—

178 1019 384 1057 teremtum
408 1028 510 1057 esse.
560 1017 698 1068 Neque
724 1007 954 1059 Steinmetz.
979 1017 1032 1058 ad
1055 1016 1096 1057 h.
1122 1018 1160 1070 l.,
1186 1019 1222 1057 si
1249 1016 1400 1068 aliquid
1425 1017 1550 1070 dixit,
1576 1017 1694 1056 aliter

177 1082 326 1133 sensit3
358 1079 546 1121 observat
577 1084 697 1136 enim,
728 1093 775 1122 re
803 1093 908 1136 yera
933 1079 976 1123 C.
1004 1080 1228 1122 Gracchum
1259 1093 1387 1133 neque
1414 1080 1534 1133 jussu
1567 1091 1696 1132 neque

178 1145 333 1199 injussu
364 1145 499 1198 populi
524 1146 697 1185 occisum
722 1145 865 1190 fuisse.
922 1143 1006 1186 Sed
1033 1146 1134 1185 male
1169 1146 1373 1199 vulgatam
1409 1156 1499 1185 cum
1533 1143 1696 1184 Mureto

178 1209 376 1264 defendit,
403 1211 471 1262 qui
496 1206 726 1250 Ciceronem
751 1221 884 1249 causae
908 1211 1066 1249 servire
1089 1210 1304 1250 existimat.
1353 1210 1494 1262 Itaque
1517 1222 1596 1250 non
1629 1221 1697 1250 re·-

108 1272 112 1275 ”
182 1270 288 1314 otius
322 1276 359 1314 is
385 1272 541 1325 quidem
564 1272 813 1331 Ernestium,
847 1273 952 1326 quod
976 1265 1182 1328 „injussu“
1207 1274 1290 1328 legi
1317 1273 1499 1329 jusserit,
1524 1274 1575 1315 de
1589 1274 1700 1315 facto

176 1335 454 1392 reprehendit,
494 1349 609 1390 quam
648 1337 699 1377 de
732 1340 883 1379 mutata
920 1340 1119 1378 sententia
1167 1331 1406 1380 Ahrensius.
1472 1340 1575 1380 Nam
1606 1339 1695 1393 hoc,

178 1402 284 1454 quod
309 1405 502 1456 scriptum
534 1403 629 1443 libri
654 1414 789 1443 omnes
813 1402 1022 1456 exhibent,
1062 1396 1189 1454 neque
1214 1404 1372 1458 consul,
1405 1415 1533 1456 neque
1558 1403 1698 1443 rhetor

142 1468 145 1471 “
177 1469 383 1519 quisquam
418 1467 553 1518 dicere
586 1467 666 1506 ullo
701 1466 815 1507 modo
848 1467 987 1520 potuit.
1051 1465 1172 1506 Ratio
1204 1469 1307 1507 enim
1341 1469 1697 1522 argumentationis

178 1524 326 1591 anceps
350 1534 432 1572 est:
465 1530 512 1572 ut
541 1529 684 1585 probet
709 1535 865 1582 orator,
902 1528 1173 1584 Semproniam
1205 1533 1332 1586 legem
1361 1543 1493 1584 neque
1525 1532 1696 1585 civibus,

178 1597 244 1646 qui
271 1598 369 1648 reip.
396 1591 532 1636 hostes
559 1592 827 1650 exstitissent,
851 1607 970 1648 posse
993 1595 1181 1648 praesidio
1201 1606 1310 1649 esse,
1335 1607 1462 1648 neque
1487 1594 1697 1637 Consulem

178 1671 227 1701 ac
251 1657 442 1702 Senatum
472 1663 515 1702 in
548 1650 696 1702 summo
727 1662 826 1714 reip.
860 1660 1088 1702 discrimine
1121 1672 1170 1700 ea
1193 1662 1332 1700 teneri.
1396 1660 1616 1713 Utrumque
1642 1662 1697 1701 li·-

180 1729 274 1777 quet
298 1727 349 1766 ab
376 1730 547 1781 oratore,
573 1728 640 1780 qui
666 1738 799 1768 causae
824 1728 1010 1780 serviret,
1035 1725 1222 1765 debuisse
1247 1727 1409 1780 negari3
1435 1728 1594 1765 tertium
1618 1738 1695 1765 ve-

179 1803 226 1829 ro
253 1803 332 1831 non
366 1795 439 1833 est.
501 1792 579 1832 Est
609 1794 737 1847 igitur
768 1793 964 1844 oppositio
997 1789 1194 1848 quaedam,
1227 1802 1303 1831 nec
1337 1793 1449 1842 quasi
1483 1791 1694 1831 cumulatio

179 1860 510 1910 argumentorum.
562 1857 708 1912 Quare,
735 1855 831 1910 quid
856 1868 937 1896 vox
961 1855 1167 1907 denique
1192 1854 1259 1896 hic
1283 1855 1361 1896 sibi
1387 1857 1497 1909 velit,
1523 1868 1601 1896 non
1627 1858 1695 1895 vi-

178 1919 273 1972 deo3
313 1932 452 1961 verum
477 1922 593 1974 plane
623 1921 814 1975 procedet
833 1921 1156 1976 argumentatio,
1198 1921 1234 1959 si
1260 1931 1396 1960 vocem
1428 1933 1587 1973 neque
1621 1934 1694 1973 pro

176 1986 249 2025 illa
271 1987 547 2028 substitueris:
589 1999 705 2040 quam
731 1986 1017 2040 conjecturam,
1052 1997 1169 2037 quum
1195 1984 1313 2024 lectio
1339 1985 1506 2040 vulgata
1528 1989 1694 2038 propter

177 2050 408 2102 praecedens
440 2052 675 2092 vocabulum
704 2055 882 2106 autem,
913 2052 1197 2091 sententiarum
1221 2061 1349 2090 nexus
1375 2053 1547 2104 incuria,
1572 2050 1693 2090 facile

178 2114 356 2155 librariis
388 2127 412 2155 e
445 2127 545 2157 vera
576 2119 688 2158 nasci
721 2120 878 2171 posset,
924 2117 1094 2170 egregie
1127 2112 1223 2154 mihi
1258 2112 1525 2168 comprobavit
1557 2112 1692 2155 Schol.

176 2178 472 2235 Gronovianus,
490 2185 557 2233 qui
575 2185 686 2222 notat
699 2178 742 2230 S.
763 2181 836 2223 10.
851 2182 904 2222 ad
917 2194 1055 2222 vocem
1079 2183 1307 2222 latorem:
1333 2180 1444 2232 „vult
1469 2178 1693 2231 ostendere,

179 2255 306 2284 more
336 2257 411 2284 mm
450 2242 708 2296 (maiorum
741 2243 891 2297 Gran.)
921 2248 1075 2288 licere
1109 2238 1310 2288 oecidi“.
1375 2245 1552 2296 Quocum
1583 2248 1693 2285 reete

169 2306 383 2348 >Salustius
408 2312 626 2364 consentit,
651 2312 676 2352 l.
703 2323 827 2364 supra
851 2311 1010 2352 laudato
1035 2323 1069 2352 c.
1093 2309 1169 2352 29.
1194 2322 1361 2350 morem
1387 2309 1641 2349 Romanum
1669 2322 1694 2348 a

178 2371 452 2428 P⁰Pulijussu
484 2375 729 2421 discernens.
795 2376 965 2420 Videtur
991 2378 1117 2434 igitur
1140 2374 1272 2424 Schol.
1301 2377 1427 2421 locum
1457 2376 1575 2419 talem
1601 2380 1692 2418 ante
