1994 2715
191 384 244 425 ad
270 384 354 426 Pis.
381 378 424 434 §-
448 379 494 421 4.
528 377 790 430 (Orell.·Vol.
815 378 866 420 V.
901 394 939 434 p.
964 382 1018 420 ΙΙ.
1051 391 1144 435 pag.
1171 376 1243 431 6.)
1276 380 1470 438 declarat,
1504 381 1603 423 illud
1632 384 1700 437 ip-

189 463 277 494 sum
301 449 398 502 fuit,
431 445 507 498 quo
532 458 600 486 res
625 446 784 498 publica
816 449 1021 489 commissa
1045 446 1272 486 consulibus
1298 450 1372 488 est.
1419 447 1628 502 Attamen,
1653 452 1710 499 ut

188 515 233 555 in
263 511 339 554 hoc
371 512 491 561 etiam
522 511 756 565 scriptorem
787 511 846 551 ita
879 513 1106 553 excusatum
1138 510 1306 567 habeas,
1346 513 1392 552 ut
1418 523 1483 567 ea,
1524 524 1612 567 quae
1643 512 1709 563 ad,

187 577 385 624 Manlium
409 579 673 630 pertinerent,
705 575 798 616 inde
823 588 849 616 a
872 577 971 617 med.
997 589 1084 630 cap.
1107 576 1184 619 28.
1208 576 1262 617 ad
1285 577 1350 616 fin.
1376 589 1411 618 c.
1437 577 1512 619 30,
1536 593 1609 619 suo
1633 581 1711 624 lo-v

189 654 236 683 eo
266 642 437 695 repetita
468 642 588 694 atque
611 642 763 681 inserta
786 640 917 682 videri
939 641 1121 683 dixeris:
1162 642 1329 683 alterum
1353 645 1434 698 est,
1476 642 1582 696 quod
1606 647 1698 685 tur-

187 709 300 763 piter
323 709 494 761 ignorat.
560 704 770 748 Catilinam
793 711 931 749 narrat
962 707 1135 756 incendii
1159 710 1286 748 minas
1311 710 1354 747 in
1377 711 1539 762 senatu,
1581 713 1700 761 post-

188 783 303 825 quam
333 773 445 811 exire
468 783 495 818 a
520 767 690 813 Consule
710 770 851 825 jussus
876 775 1002 828 esset,
1020 772 1217 826 jactasse;
1255 772 1328 812 sed
1349 776 1509 829 constat
1534 785 1587 813 ex
1614 773 1699 822 Cic.

188 850 246 879 or.
273 851 311 892 p.
335 837 523 878 Muraena
554 848 588 877 c.
620 836 696 878 25.
720 837 862 877 eadem
895 840 976 884 ista
1006 838 1180 878 verbaa
1204 836 1377 879 Catilina
1408 841 1573 892 „paucis
1602 842 1699 880 ante

188 893 355 946 diebus“
379 913 494 956 quam
518 902 675 943 comitia
700 901 825 942 dilata
854 904 954 958 sint,
987 901 1134 955 iactata
1169 902 1326 944 fuisses
1360 899 1446 943 Sed
1475 902 1518 942 hi
1541 904 1699 944 Duum·-

189 968 272 1009 viri
295 966 412 1009 libris
435 965 709 1020 abjudicandis
741 969 821 1008 tam
843 978 982 1021 parum
1006 970 1230 1008 accuratam
1259 971 1473 1021 temporum
1504 970 1708 1009 rationem>

189 1032 386 1086 habuere,
425 1034 478 1077 ,ut
515 1042 648 1071 rerum
687 1035 890 1086 gestarum
926 1032 1105 1072 ordinem
1137 1045 1189 1072 ex
1221 1046 1299 1072 uno
1332 1031 1510 1083 Salustio
1547 1035 1699 1082 vellent

186 1097 386 1152 cognosci.
435 1092 526 1150 Ego
553 1107 649 1136 vero
673 1095 818 1152 habeo,
852 1096 956 1150 quod
981 1108 1164 1138 excusem
1194 1110 1382 1146 sturmium
1409 1108 1541 1137 rerum
1563 1108 1704 1137 roma-

187 1163 326 1200 narum
351 1160 605 1211 scriptorem*
660 1161 705 1199 Is
729 1173 829 1212 opus
859 1174 973 1200 suum
986 1174 1077 1211 3non
1105 1164 1266 1214 ingenio
1298 1163 1423 1200 solum
1448 1161 1522 1200 sed
1553 1172 1700 1214 magno

187 1224 354 1265 artificio
379 1226 614 1279 composuit,
648 1235 776 1277 neque
801 1227 939 1280 anxie„
971 1224 1128 1279 quando
1162 1235 1326 1278 quoeque
1350 1224 1459 1265 facta
1489 1226 1589 1279 sint,
1623 1224 1701 1264 de-

186 1291 436 1340 terminavit3
453 1291 730 1341 ,praetermittit
758 1290 860 1343 alia,
885 1289 974 1335 valia
1004 1292 1272 1342 praetermissa
1302 1291 1467 1341 repetit3
1498 1289 1700 1332 nonnulla,

190 1365 279 1407 quae
303 1352 435 1407 paullo
459 1351 527 1392 vel
550 1354 646 1406 post
676 1353 743 1392 vel
768 1355 861 1394 ante
885 1352 1133 1408 acciderunt,
1164 1354 1250 1394 loco
1278 1356 1495 1406 opportuno
1520 1353 1704 1394 collocat..

139 1420 142 1425 ’
187 1418 238 1457 In
263 1417 328 1470 his
353 1419 508 1471 omnino
530 1417 753 1472 hujusmodi
778 1419 967 1469 terminos
989 1420 1176 1470 usurpat:
1216 1417 1356 1457 iisdem
1380 1418 1622 1470 temporibus
1646 1436 1700 1443 —

187 1482 279 1522 dum
303 1481 390 1522 haee
423 1480 620 1537 'geruntur
643 1500 695 1508 —
719 1484 881 1522 interea.
897 1499 950 1536 -ss-
973 1481 1047 1522 sed
1071 1482 1204 1535 paullo
1236 1484 1328 1522 ante
1353 1499 1406 1507 -
1430 1482 1502 1522 rel.
1550 1478 1625 1523 Sic
1648 1492 1705 1522 ee,

164 1588 166 1590 ,
185 1549 293 1598 puto,
320 1557 407 1597 quae
433 1557 468 1587 c.
493 1543 570 1586 49.
591 1545 1054 1601 *narrantur,'postquam
1078 1544 1266 1597 judicium
1289 1545 1340 1585 de
1363 1544 1579 1597 conjuratis
1604 1545 1698 1603 saog-

185 1613 268 1651 tum
292 1611 420 1664 esset,
445 1623 562 1662 quum
586 1607 726 1652 Catoni
750 1612 929 1651 oratione
952 1621 1028 1650 sua
1051 1612 1314 1663 suspicionem
1338 1608 1578 1664 movissem),
1603 1613 1699 1650 ten-

186 1678 271 1715 tata
296 1677 339 1715 in
363 1673 408 1716 C.
433 1671 630 1715 Caesarem
654 1685 756 1715 esse.
805 1674 942 1727 Quod„
973 1676 1012 1731 si
1035 1677 1145 1715 reete
1169 1677 1346 1727 tempora
1369 1673 1601 1728 attenderis,
1625 1675 1696 1714 lu-

186 1751 233 1781 ce
258 1740 406 1780 clarIus
439 1741 517 1780 erit
539 1742 580 1780 et
612 1738 863 1780 consu-maur
887 1736 999 1781 Suet.
1025 1736 1126 1780 Caes,
1153 1737 1227 1780 14.
1292 1736 1474 1780 Ceterum
1498 1738 1592 1793 illa,·
1606 1749 1696 1791 quae

184 1801 269 1845 Sal.
296 1802 383 1845 Cat.
407 1803 484 1857 47.
510 1806 560 1845 et.
576 1802 651 1844 50.
676 1806 849 1857 exponit,
874 1816 952 1843 uno
978 1803 1044 1842 die
1069 1803 1250 1855 confecta
1275 1815 1376 1856 esse,
1401 1805 1515 1856 satis,
1541 1804 1695 1856 opinor,

185 1871 364 1923 apparet,
390 1867 600 1920 eodemque
624 1867 752 1908 verba
775 1879 810 1909 c.
832 1865 909 1923 48.
934 1870 1050 1922 „post
1074 1879 1161 1907 eum
1186 1858 1313 1907 diem“
1337 1868 1411 1906 vix
1434 1865 1572 1906 dubito
1596 1877 1696 1918 per-

186 1933 334 1986 tlnere,
364 1942 495 1992 neque
520 1931 718 1985 intelligo,
754 1943 827 1974 cur
849 1943 901 1971 ea
924 1944 1003 1986 uno
1026 1934 1167 1986 senatu
1194 1930 1353 1971 decerni
1378 1925 1458 1969 non
1481 1932 1700 1982 potuerint·'

120 2000 126 2007 ‘
186 1996 284 2037 Fuit
307 1999 438 2037 autem
462 1998 500 2037 is
525 1994 613 2036 dies
636 1995 799 2049 pridie
822 1994 1003 2050 Nonas3
1038 1995 1114 2036 'sed
1139 1994 1365 2048 conjuratos
1387 1995 1551 2048 paullo
1577 1997 1695 2035 ante

187 2060 352 2100 Nonas
376 2060 511 2114 eodem
527 2081 529 2083 ·
543 2062 648 2101 teste
668 2056 848 2102 SalustIo
880 2060 1052 2101 senatus
1058 2059 1315 2114 judicaverat
1339 2063 1487 2108 „contra
1510 2069 1592 2099 rem
1614 2070 1695 2111 pu-

187 2127 328 2168 blicam
354 2127 512 2171 fecisse.

241 2276 274 2308 7)
293 2273 352 2307 sal,
373 2284 401 2307 c.
414 2277 464 2309 52,
485 2273 535 2303 Sin
554 2273 586 2303 in
609 2280 689 2304 tanto
705 2273 842 2304 omnium
857 2251 938 2304 mein
952 2271 1057 2304 solus
1077 2281 1138 2303 non
1157 2271 1252 2307 timet,
1273 2283 1308 2303 eo
1329 2271 1422 2311 magis
1440 2271 1531 2302 refert
1550 2282 1600 2302 me
1620 2271 1696 2302 mihi

292 2335 379 2367 atque
398 2329 478 2358 vobi·
499 2329 617 2365 timere,
